@Book{hosmer89,
  author =	 {Hosmer, D and Lemeshow, S},
  title =	 {Applied Logistic Regression},
  publisher =	 {New York: Wiley},
  year =	 1989
}

@Book{everitt01,
  author = 	 {Everitt, B and Rabe-Hesketh, S},
  title = 	 {Analyzing Medical Data Using S-PLUS},
  publisher = 	 {Springer},
  year = 	 2001
}

@Book{rabe-hesketh04,
  author = 	 {Rabe-Hesketh, S and Everitt, B},
  title = 	 {A Handbook of Statistical Analyses using Stata},
  publisher = 	 {Chapman \& Hall/CRC},
  year = 	 2004,
  edition =	 {3e \'{e}d.}
}

@Article{student08,
  author =	 {Student},
  title =	 {The probable error of a mean},
  journal =	 {Biometrika},
  year =	 1908,
  volume =	 6,
  number =	 1,
  pages =	 {1--25}
}

@Book{hollander99,
  author =	 {Hollander, M and Wolfe, DA},
  title =	 {Nonparametric Statistical Methods},
  publisher =	 {Wiley},
  year =	 1999
}

@Book{dupont09,
  author =	 {Dupont, WD},
  title =	 {Statistical Modeling for Biomedical Researchers},
  publisher =	 {Cambridge University Press},
  year =	 2009,
  edition =	 {2e \'{e}d.}
}

@Book{peat05,
  author =	 {Peat, J and Barton, B},
  title =	 {Medical Statistics: A Guide to Data Analysis and Critical Appraisal},
  publisher =	 {Wiley},
  year =	 2005,
  edition =	 {2e \'{e}d.}
}

@Book{agresti02,
  author =	 {Agresti, A},
  title =	 {Categorical Data Analysis},
  publisher =	 {John Wiley \& Sons},
  year =	 2002,
  edition =	 {2e \'{e}d.}
}

@Book{selvin98,
  author =	 {Selvin, S},
  title =	 {Modern Applied Biostatistical Methods using {S-PLUS}},
  publisher =	 {Oxford University Press},
  year =	 1998
}

@Book{breslow80,
  author =	 {Breslow, NE and Day, NE},
  title =	 {Statistical Methods in Cancer Research: Vol. 1 â€“ The Analysis of Case-Control Studies},
  publisher =	 {IARC Scientific Publications},
  year =	 1980
}

@Book{pepe04,
  author =	 {Pepe, MS},
  title =	 {The statistical evaluation of medical tests for classification},
  publisher =	 {Oxford University Press},
  year =	 1980
}


@Book{fitzmaurice04,
  author = 	 {Fitzmaurice, GM and Laird, NM and Ware, JH},
  title = 	 {Applied Longitudinal Analysis},
  publisher = 	 {Wiley Interscience},
  year = 	 2004}

@Article{laird92,
  author = 	 {Laird, NM and Skinner, J and Kenward, M},
  title = 	 {An analysis of two-period crossover designs with carry-over effects},
  journal = 	 {Statistics in Medicine},
  year = 	 1992,
  volume = 	 11,
  pages = 	 {1967--1979}}

@Book{collett94,
  author = 	 {Collett, D},
  title = 	 {Modelling survival data in medical research},
  publisher = 	 {Chapman \& Hall},
  year = 	 1994}

@Article{bland98,
  author = 	 {Bland, JM and Altman, DG},
  title = 	 {Survival probabilities (the Kaplan-Meier method)},
  journal = 	 {British Medical Journal},
  year = 	 1998,
  volume = 	 317,
  number = 	 7172,
  pages = 	 {1572--1580}}

@Book{cleves10,
  author = 	 {Cleves, M and Gould, W and Gutierrez, RG and Marchenko, YV},
  title = 	 {An Introduction to Survival Analysis Using Stata},
  publisher = 	 {Stata Press},
  year = 	 2010,
  edition = 	 {3e \'{e}d.}}

@Book{hand93,
  editor =	 {Hand, DJ and Daly, F and McConway, K and Ostrowski, E},
  title =	 {A Handbook of Small Data Sets},
  publisher =	 {Chapman \& Hall},
  year =	 1993,
  note =	 {Data set 285, p.~ 229}
}

@Book{vittinghoff05,
  author = 	 {Vittinghoff, E and Glidden, DV and Shiboski, SC and McCulloch, CE},
  title = 	 {Regression Methods in Biostatistics. Linear, Logistic,
                  Survival, and Repeated Measures Models},
  publisher = 	 {Springer},
  year = 	 2005}

@Article{hulley98,
  author = 	 {Hulley, S and Grady, D and Bush, T and Furberg, C and
                  Herrington, D and Riggs, B and Vittinghoff, E},
  title = 	 {Randomized trial of estrogen plus progestin for secondary
                  prevention of heart disease in postmenopausal women. The
                  Heart and Estrogen/progestin Replacement Study},
  journal = 	 {Journal of the American Medical Association},
  year = 	 1998,
  volume = 	 280,
  number = 	 7,
  pages = 	 {605--613}}

@Article{rosenman64,
  author = 	 {Rosenman, RH and Friedman, M and Straus, R and Wurm, M and
                  Kositchek, R and Hahn, W and Werthessen, NT},
  title = 	 {A predictive study of coronary heart disease: the western
                  collaborative group study},
  journal = 	 {Journal of the American Medical Association},
  year = 	 1964,
  volume = 	 189,
  pages = 	 {113--120}}

